@misc{xfer_git,
    author    = "Jordan Massiah, Keerthana Elango, Pablo G. Moreno, Nikos Aletras, Andreas Damianou",
    title     = "Xfer",
    howpublished = "\url{https://github.com/amzn/xfer/}",
    note = "[Online; dostęp 6 luty 2019]"
}

@misc{karpathy:CS231,
	author    = "Andrej Karpathy",
	title     = "CS231n Convolutional Neural Networks for Visual Recognition",
	howpublished = "\url{http://cs231n.github.io/transfer-learning/}",
	note = "[Online; dostęp 7 luty 2019]"
}

@article{DBLP:journals/corr/LiuAESR15,
	author    = {Wei Liu and
	Dragomir Anguelov and
	Dumitru Erhan and
	Christian Szegedy and
	Scott E. Reed and
	Cheng{-}Yang Fu and
	Alexander C. Berg},
	title     = {{SSD:} Single Shot MultiBox Detector},
	journal   = {CoRR},
	volume    = {abs/1512.02325},
	year      = {2015},
	url       = {http://arxiv.org/abs/1512.02325},
	archivePrefix = {arXiv},
	eprint    = {1512.02325},
	timestamp = {Mon, 13 Aug 2018 16:48:29 +0200},
	biburl    = {https://dblp.org/rec/bib/journals/corr/LiuAESR15},
	bibsource = {dblp computer science bibliography, https://dblp.org}
}

@misc{_ai_gitbook,
	author    = "Leonardo Araujo Santos",
	title     = "Artificial Inteligence",
	url 	  = {https://leonardoaraujosantos.gitbooks.io/artificial-inteligence/content/googlenet.html},
	note = "[Online; dostęp 9 luty 2019]"
}
@misc{ai_gitbook,
	author = {Leonardo Araujo Santos},
	
	title = {Artificial Inteligence},
	date = {2019-02-09},
	howpublished = "\url {https://leonardoaraujosantos.gitbooks.io/artificial-inteligence/content/googlenet.html}",
	OPTlanguage = {angielski},
	note = {[Online: 9 luty 2019]},
	
	date = {09},
	month = {02},
	year = {2019},
}



