%%% Acknowledgement abbreviations:

@String{ack-nhfb = "Nelson H. F. Beebe,
                    University of Utah,
                    Department of Mathematics, 110 LCB,
                    155 S 1400 E RM 233,
                    Salt Lake City, UT 84112-0090, USA,
                    Tel: +1 801 581 5254,
                    FAX: +1 801 581 4148,
                    e-mail: \path|beebe@math.utah.edu|,
                            \path|beebe@acm.org|,
                            \path|beebe@computer.org| (Internet),
                    URL: \path|http://www.math.utah.edu/~beebe/|"}

%%% Journal abbreviations:

@String{j-LECT-NOTES-COMP-SCI   = "Lecture Notes in Computer Science"}

%%% Publishers and their addresses:

@String{pub-PH                  = "Pren{\-}tice-Hall"}
@String{pub-PH:adr              = "Englewood Cliffs, NJ 07632, USA"}


%%% Bibliography entries

@Article{Eisenberg:2002:SXM,
  author =       "Andrew Eisenberg and Jim Melton",
  title =        "{SQL\slash XML} is making good progress",
  journal =      "SIGMOD",
  volume =       "31",
  number =       "2",
  pages =        "101--108",
  month =        jun,
  year =         "2002",
  bibdate =      "Mon Jan 12 07:43:34 MST 2004",
  bibsource =    "http://portal.acm.org/",
  acknowledgement = ack-nhfb,
}

@Article{Elmasri:2002:CMC,
  author =       "Ramez Elmasri and Yu-Chi Wu and Babak Hojabri and
                 Charley Li and Jack Fu",
  title =        "Conceptual Modeling for Customized {XML} Schemas",
  journal =      j-LECT-NOTES-COMP-SCI,
  volume =       "2503",
  pages =        "429--??",
  year =         "2002",
  CODEN =        "LNCSD9",
  ISSN =         "0302-9743",
  bibdate =      "Sat Nov 30 20:57:43 MST 2002",
  bibsource =    "http://link.springer-ny.com/link/service/series/0558/tocs/t2503.htm",
  URL =          "http://link.springer.de/link/service/series/0558/bibs/2503/25030429.htm;
                 http://link.springer.de/link/service/series/0558/papers/2503/25030429.pdf",
  acknowledgement = ack-nhfb,
}

@inproceedings{KarpathyCVPR14,
  title     = {Large-scale Video Classification with Convolutional Neural Networks},
  author    = {Andrej Karpathy and George Toderici and Sanketh Shetty and Thomas Leung and Rahul Sukthankar and Li Fei-Fei},
  year      = {2014},
  booktitle = {CVPR}
}


@Article{Andrej_Karpathy:video,
  author =       "Andrej Karpathy, George Toderici, Sanketh Shetty, Thomas Leung, Rahul Sukthankar, Li Fei-Fei",
  title =        "Large-scale Video Classification with Convolutional Neural Networks",
  
  pages =        "??",
  year =         "2014",
  CODEN =        "",
  ISSN =         "",
  bibdate =      "Sat Jan 27 00:55:00 CET 2019",
  bibsource =    "https://static.googleusercontent.com/media/",
  URL =          "https://static.googleusercontent.com/media/research.google.com/en//pubs/archive/42455.pdf;
",
  acknowledgement = ack-nhfb,
}

@Book{Goldfarb:2002:CFG,
  author =       "Charles F. Goldfarb and Paul Prescod",
  title =        "{Charles F. Goldfarb}'s {XML} handbook",
  publisher =    pub-PH,
  address =      pub-PH:adr,
  edition =      "Fourth",
  pages =        "lvii + 1147",
  year =         "2002",
  ISBN =         "0-13-065198-2",
  ISBN-13 =      "978-0-13-065198-3",
  LCCN =         "QA76.76.H94 G65 2002",
  bibdate =      "Fri Sep 13 06:33:58 MDT 2002",
  series =       "Charles F. Goldfarb definitive XML series",
  acknowledgement = ack-nhfb,
  keywords =     "XML (document markup language)",
}

@misc{nayakhwebsite,
    author    = "SUNITA NAYAK",
    title     = "How to train a Deep Learning based Image Classifier in MacOS",
    url       = "https://www.learnopencv.com/how-to-train-a-deep-learning-based-image-classifier-in-macos/"
}

@misc{darkflowwebsite,
    author    = "S",
    title     = "DarkFlow",
    howpublished = "\url{https://github.com/thtrieu/darkflow}",
    note = "[Online; dostęp 6 styczeń 2019]"
}

@misc{bworld,
  author = {Ingo Lütkebohle},
  title = {{BWorld Robot Control Software}},
  howpublished = "\url{http://aiweb.techfak.uni-bielefeld.de/content/bworld-robot-control-software/}",
  year = {2008}, 
  note = "[Online; accessed 19-July-2008]"
}

@misc{nanonets,
    author={Gaurav Kaila},
    title = {{How to easily do Object Detection on Drone Imagery using Deep learning}},
    howpublished = "\url{https://medium.com/nanonets/how-we-flew-a-drone-to-monitor-construction-projects-in-africa-using-deep-learning-b792f5c9c471}",
    year = {2018},
    note = {[Online; dostęp 11 styczeń 2019]}
}

@misc{LearnOpenCV,
    author={Vikas Gupta},
    title = {{Face Detection – OpenCV, Dlib and Deep Learning}},
    howpublished = "\url{https://www.learnopencv.com/face-detection-opencv-dlib-and-deep-learning-c-python}",
    year = {October 22\textsubscript{nd}, 2018},
    note = {[Online; dostęp 11 styczeń 2019]}
}

@misc{goprodata,
    author={},
    title = {{}},
    howpublished = "\url{https://community.gopro.com/t5/GoPro-Metadata-Visualization/Extracting-the-metadata-in-a-useful-format/gpm-p/40293}",
    year = {},
    note = {[Online; dostęp 22 styczeń 2019]}
}

@misc{goprotools1,
    author={Konrad Iturbe},
    title = {{GoPro Metadata Format Parser}},
    howpublished = "\url{https://github.com/KonradIT/gopro-utils}",
    year = {},
    note = {[Online; dostęp 22 styczeń 2019]}
}

@misc{goprotools2,
    author={Juan Irache},
    title = {{GoPro Metadata Format Parser + GPMD2CSV}},
    howpublished = "\url{https://github.com/JuanIrache/gopro-utils}",
    year = {},
    note = {[Online; dostęp 22 styczeń 2019]}
}

@misc{bearings,
    author={Chris Veness},
    title = {{Movable Type Scripts}},
    howpublished = "\url{http://www.movable-type.co.uk/scripts/latlong.html}",
    year = {2019},
    note = {[Online; dostęp 22 styczeń 2019]}
}
@book{ AurelienGeron100,
    author = "Aurélien Géron",
    title = "Hands-On Machine Learning With Scikit-Learn and TensorFlow: Concepts, Tools, and Techniques to Build Intelligent Systems",
    year = "2017",
    month = "Mar",
    publisher = "{"}O'Reilly Media, Inc.{"}" }

@book{ NickMcClure101,
    author = "Nick McClure",
    title = "TensorFlow Machine Learning Cookbook",
    year = "2017",
    month = "Feb",
    publisher = "Packt Publishing" }

@book{ JosephHowse265,
    author = "Joseph Howse and Steven Puttemans and Quan Hua and Utkarsh Sinha",
    title = "OpenCV 3 Blueprints",
    year = "2015",
    month = "Nov",
    publisher = "Packt Publishing Ltd" }

@book{ GiuseppeCiaburro746,
    author = "Giuseppe Ciaburro and Balaji Venkateswaran",
    title = "Neural Networks With R: Smart Models Using CNN, RNN, Deep Learning, and Artificial Intelligence Principles",
    year = "2017",
    month = "Aug",
    publisher = "Packt Publishing" }

@book{RodolfoBonnin933,
    author = "Rodolfo Bonnin",
    title = "Building Machine Learning Projects With TensorFlow",
    year = "2016",
    month = "Nov",
    publisher = "Packt Publishing Ltd" }

@inproceedings{43022,
	title	= {Going Deeper with Convolutions},
	author	= {Christian Szegedy and Wei Liu and Yangqing Jia and Pierre Sermanet and Scott Reed and Dragomir Anguelov and Dumitru Erhan and Vincent Vanhoucke and Andrew Rabinovich},
	year	= {2015},
	URL	= {http://arxiv.org/abs/1409.4842},
	booktitle	= {Computer Vision and Pattern Recognition (CVPR)}
}


